
@misc{DisneyAnimatedStoryBook,
  title = {Disney {{Animated StoryBook}}: 101 {{Dalmatians}}}
}


